@inproceedings{hnc13,
 author = {Bailis, Peter and Fekete, Alan and Ghodsi, Ali and Hellerstein, Joseph M. and Stoica, Ion},
 title = {HAT, Not CAP: Towards Highly Available Transactions},
 booktitle = {Proceedings of the 14th USENIX Conference on Hot Topics in Operating Systems},
 series = {HotOS'13},
 year = {2013},
 location = {Santa Ana Pueblo, New Mexcio},
 pages = {24--24},
 numpages = {1},
 url = {http://dl.acm.org/citation.cfm?id=2490483.2490507},
 acmid = {2490507},
 publisher = {USENIX Association},
 address = {Berkeley, CA, USA},
} 
